<record><leader>00000cas a2200000 a 4500</leader><controlfield tag="001">12835451</controlfield><controlfield tag="008">851122d19001948ksuwr ne      0    0eng d</controlfield><datafield ind1=" " ind2=" " tag="010"><subfield code="a">sn 85066356 </subfield></datafield><datafield ind1=" " ind2=" " tag="040"><subfield code="a">KSH</subfield><subfield code="b">eng</subfield><subfield code="c">KSH</subfield><subfield code="d">NPT</subfield><subfield code="d">OCL</subfield><subfield code="d">OCLCQ</subfield></datafield><datafield ind1=" " ind2=" " tag="042"><subfield code="a">msc</subfield></datafield><datafield ind1="0" ind2=" " tag="130"><subfield code="a">Hanover herald (Hanover, Kan.)</subfield></datafield><datafield ind1="1" ind2="4" tag="245"><subfield code="a">The Hanover herald.</subfield></datafield><datafield ind1=" " ind2=" " tag="260"><subfield code="a">Hanover, Kan. :</subfield><subfield code="b">D.O. Munger,</subfield><subfield code="c">1900-1948.</subfield></datafield><datafield ind1=" " ind2=" " tag="300"><subfield code="a">49 v. :</subfield><subfield code="b">ill. ;</subfield><subfield code="c">53 cm.</subfield></datafield><datafield ind1=" " ind2=" " tag="310"><subfield code="a">Weekly</subfield></datafield><datafield ind1="0" ind2=" " tag="362"><subfield code="a">Vol. 1, no. 1 (July 6, 1900)-v. 49, no. 31 (Dec. 3, 1948).</subfield></datafield><datafield ind1=" " ind2=" " tag="500"><subfield code="a">Published by Chas. W. Munger, Sept. 3, 1937-Dec. 3, 1948.</subfield></datafield><datafield ind1=" " ind2=" " tag="500"><subfield code="a">Democratic.</subfield></datafield><datafield ind1=" " ind2=" " tag="752"><subfield code="a">United States</subfield><subfield code="b">Kansas</subfield><subfield code="c">Washington</subfield><subfield code="d">Hanover.</subfield></datafield><datafield ind1="0" ind2="7" tag="785"><subfield code="t">Hanover democrat (Hanover, Kan. : 1927)</subfield><subfield code="w">(DLC)sn 85066359</subfield></datafield><datafield ind1="0" ind2="7" tag="785"><subfield code="t">Hanover news (Hanover, Kan.)</subfield><subfield code="w">(DLC)sn 85066353</subfield></datafield><datafield ind1="1" ind2=" " tag="029"><subfield code="a">AU@</subfield><subfield code="b">000022169166</subfield></datafield></record>